
% svm struct
@inproceedings{THJA04,
 author = {Tsochantaridis, Ioannis and Hofmann, Thomas and Joachims, Thorsten and Altun, Yasemin},
 title = {Support Vector Machine Learning for Interdependent and Structured Output Spaces},
 booktitle = {Proceedings of the 21th International Conference on Machine Learning (ICML 2004)},
 year = {2004},
 location = {Banff, Alberta, Canada},
 pages = {823-830},
 publisher = {ACM},
 address = {New York, NY, USA},
}

% svm struct
@article{TJTA05,
 author = {Tsochantaridis, Ioannis and Joachims, Thorsten and Hofmann, Thomas and Altun, Yasemin},
 title = {Large Margin Methods for Structured and Interdependent Output Variables},
 journal = {Journal of Machine Learning Research},
 volume = {6},
 month = "December",
 year = {2005},
 pages = {1453--1484},
 publisher = {JMLR},
}

% svm struct
@article{JFY09,
year={2009},
journal={Machine Learning},
volume={77},
number={1},
title={Cutting-plane training of structural SVMs},
publisher={Springer US},
author={Joachims, Thorsten and Finley, Thomas and Yu, Chun-NamJohn},
pages={27-59},
}

% bishop book
@book{Bishop07,
    author = {Bishop, Christopher M.},
    day = {01},
    edition = {1st ed. 2006. Corr. 2nd printing 2011},
    publisher = {Springer},
    title = {{Pattern Recognition and Machine Learning (Information Science and Statistics)}},
    year = {2007}
}

% m3n
@inproceedings{taskar04,
title = {Max-Margin Markov Networks},
author = {Taskar, Ben and Carlos Guestrin and Daphne Koller},
booktitle = {Advances in Neural Information Processing Systems 16 (NIPS 2004)},
pages = {25--32},
year = {2004},
publisher = {MIT Press}
}


% exponential gradient
@inproceedings{bartlett04,
title = {Exponentiated Gradient Algorithms for Large-margin Structured Classification},
author = {Peter L. Bartlett and Michael Collins and Taskar, Ben and David A. McAllester},
booktitle = {Advances in Neural Information Processing Systems 17 (NIPS 2005)},
pages = {113--120},
year = {2005},
publisher = {MIT Press},
}

% extra gradient
@inproceedings{taskar06,
title = {Structured Prediction via the Extragradient Method},
author = {Taskar, Ben and Lacoste-Julian, Simon and Michael I. Jordan},
booktitle = {Advances in Neural Information Processing Systems 18 (NIPS 2006)},
pages = {1345--1352},
year = {2006},
publisher = {MIT Press},
}

% subgradient
@inproceedings{Ratliff07,
   author = "Nathan Ratliff and J. Andrew (Drew) Bagnell and Martin Zinkevich",
   title = "(Online) Subgradient Methods for Structured Prediction",
   booktitle = "Proceedings of the 11th International Conference on Artificial Intelligence and Statistics (AISTATS 2007)",
   month = "March",
   year = "2007",
 publisher = {Journal of Machine Learning Research W\&CP},
volume={2},
page={380-387}
}

@article{rousu07,
	Author = {Rousu, J. and Saunders, C. and Szedmak, S. and Shawe-Taylor, J.},
	Journal = {Predicting Structured Data},
	Pages = {105--129},
	Publisher = {MIT Press},
	Title = {{Efficient algorithms for max-margin structured classification}},
	Year = {2007}
	}

@article{rousu06,
	Author = {Rousu, J. and Saunders, C. and Szedmak, S. and Shawe-Taylor, J.},
	Journal = {The Journal of Machine Learning Research},
	Pages = {1601--1626},
	Publisher = {MIT Press Cambridge, MA, USA},
	Title = {{Kernel-Based Learning of Hierarchical Multilabel Classification Models}},
	Volume = {7},
	Year = {2006}
	}

% crf
@inproceedings{lafferty01,
	 author = {Lafferty, John D. and McCallum, Andrew and Pereira, Fernando C. N.},
	 title = {Conditional Random Fields: Probabilistic Models for Segmenting and Labeling Sequence Data},
	 booktitle = {Proceedings of the 8th International Conference on Machine Learning},
	 year = {2001},
	 pages = {282--289},
	 publisher = {Morgan Kaufmann Publishers Inc.},
	} 
	
% perceptron
@article{Rosenblatt58,
	 author = {Rosenblatt, Frank},
	 title = {The Perceptron: A Probabilistic Model for Information Storage and Organization in the Brain},
	 journal = {Psychological Review},
	 volume = {65},
	 month = "December",
	 year = {1958},
	 pages = {386--408},
	 publisher = {Cornell Aeronautical Laboratory},
	}
	
@article{Rosenblatt62,
author = {Rosenblatt, Frank},
 title = {Principles of Neurodynamics},
Publisher = {Spartan, New York},
year={1962}
}

% structure perceptron	
@inproceedings{collins02a,
	 author = {Collins, Michael},
	 title = {Discriminative Training Methods for Hidden Markov Models: Theory and Experiments with Perceptron Algorithms},
	 booktitle = {Proceedings of the ACL-02 Conference on Empirical Methods in Natural Language Processing},
	 year = {2002},
	 pages = {1--8},
	 publisher = {Association for Computational Linguistics},
	} 
	
@inproceedings{collins02b,
	 author = {Collins, Michael and Duffy, Nigel},
	 title = {New Ranking Algorithms for Parsing and Tagging: Kernels over Discrete Structures, and the Voted Perceptron},
	 booktitle = {Proceedings of the 40th Annual Meeting on Association for Computational Linguistics},
	 year = {2002},
	 pages = {263--270},
	 publisher = {Association for Computational Linguistics},
	 address = {Stroudsburg, PA, USA},
	} 


% perceptron average	


% incremental perceptron
@inproceedings{Collin2004i,
 author = {Collins, Michael and Roark, Brian},
 title = {Incremental Parsing with the Perceptron Algorithm},
 booktitle = {Proceedings of the 42td Annual Meeting on Association for Computational Linguistics},
 articleno = {111},
 year = {2004},
 publisher = {Association for Computational Linguistics},
 address = {Stroudsburg, PA, USA},
} 


% crf 2
@inproceedings{taskar02,
 author = {Taskar, Ben and Abbeel, Pieter and Koller, Daphne},
 title = {Discriminative Probabilistic Models for Relational Data},
 booktitle = {Proceedings of the Eighteenth Conference on Uncertainty in Artificial Intelligence},
 series = {UAI'02},
 year = {2002},
 isbn = {1-55860-897-4},
 location = {Alberta, Canada},
 pages = {485--492},
 numpages = {8},
 url = {http://dl.acm.org/citation.cfm?id=2073876.2073934},
 acmid = {2073934},
 publisher = {Morgan Kaufmann Publishers Inc.},
 address = {San Francisco, CA, USA},
} 

% iis
@article{Berger97,
	 author = {Berger, A},
	 title = {The improved iterative scaling algorithm: A gentle introduction.},
	 journal = {Machine Learning},
	 year = {1999},
	}
	% gis
@ARTICLE{Darroch72,
    author = {Darroch, J.N. and Ratcliff, D.},
    title = {Generalized iterative scaling for log-linear models},
    journal = {Annals of Mathematical Statistics},
    year = {1972},
    volume = {43},
    number = {4},
    pages = {25-40},
}


% svm 
@Inproceedings{Boser92,
	author = "Bernhard E. Boser and Isabelle M. Guyon and Vladimir N. Vapnik",
	title = "A Training Algorithm for Optimal Margin Classifiers",
	booktitle = "Proceedings of the 5th annual workshop on Computational learning theory",
	year = "1992",
	pages = "144--152",
	publisher = "ACM",
}

% taylor's book
@book{taylor04,
  title={{Kernel Methods for Pattern Analysis}},
  author={Shawe-Taylor, J. and Cristianini, N.},
  year={2004},
  publisher={Cambridge University Press}
}

% perceptron mistake
@article{Block62,
  title = {The Perceptron: A Model for Brain Functioning. I},
  author = {Block, H. D.},
  journal = {Rev. Mod. Phys.},
  volume = {34},
  issue = {1},
  pages = {123--135},
  year = {1962},
  month = {Jan}
}
@article{Novikoff62,
  title = {On convergence proofs on perceptrons},
  author = {Novikoff, A. B.},
  journal = {Symposium on the Mathematical Theory of Automata},
  volume = {12},
  pages = {615-622},
  year = {1962},
	publisher={Polytechnic Institute of Brooklyn}
}

% vote perceptron
@article{Freund99,
 author = {Freund, Yoav and Schapire, Robert E.},
 title = {Large Margin Classification Using the Perceptron Algorithm},
 journal = {Machine Learning},
 volume = {37},
 number = {3},
 month = dec,
 year = {1999},
 pages = {277--296},
 publisher = {Kluwer Academic Publishers},
} 


% prior smoothing gaussian logistic regression
@ARTICLE{Chen00, 
author={Chen, S.F. and Rosenfeld, R.}, 
journal={Speech and Audio Processing, IEEE Transactions on}, 
title={A survey of smoothing techniques for ME models}, 
year={2000}, 
month={Jan}, 
volume={8}, 
number={1}, 
pages={37-50}, 
}
@phdthesis{Chen99,
	Author = {Chen, S.F. and Rosenfeld, R.},
	Note = {Technical Report CMU-CS-99-108},
	School = {Computer Science Department, Carnegie Mellon University},
	Title = {A Gaussian Prior for Smoothing Maximum Entropy Models},
	Year = {1999}}
@INPROCEEDINGS{Goodman03,
    author = {Joshua Goodman},
    title = {Exponential Priors for Maximum Entropy Models},
    booktitle = {In Proceedings of the Annual Meeting of the Association for Computational Linguistics},
    year = {2003},
    pages = {305--312}
}

% logistic regression optimization survey | quasi newton
@article{Minka03,
author = {Tomas P. Minka},
title = {A Comparison of Numerical Optimizers for Logistic Regression},
year = {2003}
}

% logistic regression iis
@ARTICLE{Pietra97, 
author={Della Pietra, S. and Della Pietra, V. and Lafferty, J.}, 
journal={Pattern Analysis and Machine Intelligence, IEEE Transactions on}, 
title={Inducing features of random fields}, 
year={1997}, 
month={Apr}, 
volume={19}, 
number={4}, 
pages={380-393},
}

% logistic regression iis
@inproceedings{Goodman02Sequential,
 author = {Goodman, Joshua},
 title = {Sequential Conditional Generalized Iterative Scaling},
 booktitle = {Proceedings of the 40th Annual Meeting on Association for Computational Linguistics},
 series = {ACL '02},
 year = {2002},
 pages = {9--16},
 numpages = {8},
} 

% logistic regression iis
@inproceedings{Jin03a, 
    Author = {Rong Jin and Rong Yan and Jian Zhang and Alexander G. Hauptmann}, 
    Booktitle = {Proceedings of the 20th International Conference on Machine Learning (ICML-03)}, 
    Title = {A Faster Iterative Scaling Algorithm for Conditional Exponential Model}, 
    Year = {2003}, 
    Pages = {282-289} 
   }

% truncated newton
@echreport{Komarek05making,
   author = "Paul Komarek and Andrew Moore",
   title = "Making Logistic Regression A Core Data Mining Tool: A Practical Investigation of Accuracy, Speed, and Simplicity",
   institution = "Robotics Institute",
   month = "May",
   year = "2005",
   number= "CMU-RI-TR-05-27",
}

% trust region newton
@article{Lin2008trust,
 author = {Lin, Chih-Jen and Weng, Ruby C. and Keerthi, S. Sathiya},
 title = {Trust Region Newton Method for Logistic Regression},
 journal = {Journal of Machine Learning Research},
 volume = {9},
 month = jun,
 year = {2008},
 pages = {627--650},
 numpages = {24},
 publisher = {JMLR.org},
}

% coordinated descent
@InProceedings{Huang09iterative,
  author    = {Huang, Fang-Lan  and  Hsieh, Cho-Jui  and  Chang, Kai-Wei  and  Lin, Chih-Jen},
  title     = {Iterative Scaling and Coordinate Descent Methods for Maximum Entropy},
  booktitle = {Proceedings of the ACL-IJCNLP 2009 Conference Short Papers},
  month     = {August},
  year      = {2009},
  pages     = {285--288},
}

% dual regression 
@INPROCEEDINGS{Jaakkola99probabilistic,
    author = {Tommi S. Jaakkola and David Haussler},
    title = {Probabilistic Kernel Regression Models},
    booktitle = {In Proceedings of the 7th Workshop on Artificial Intelligent and Statistics},
    year = {1999},
    publisher = {Morgan Kaufmann}
}

% regression dual
@article{Keerthi05a,
year={2005},
journal={Machine Learning},
volume={61},
number={1-3},
title={A Fast Dual Algorithm for Kernel Logistic Regression},
publisher={Kluwer Academic Publishers},
author={Keerthi, S.S. and Duan, K.B. and Shevade, S.K. and Poo, A.N.},
pages={151-165},
language={English}
}

% regression dual
@article{Yu11dual,
year={2011},
journal={Machine Learning},
volume={85},
number={1-2},
title={Dual coordinate descent methods for logistic regression and maximum entropy models},
publisher={Springer US},
author={Yu, Hsiang-Fu and Huang, Fang-Lan and Lin, Chih-Jen},
pages={41-75},
language={English}
}

% svm original
@article{Cortes95support,
year={1995},
journal={Machine Learning},
volume={20},
number={3},
title={Support-Vector Networks},
publisher={Kluwer Academic Publishers-Plenum Publishers},
author={Cortes, Corinna and Vapnik, Vladimir},
pages={273-297},
}

% smo
@incollection{Platt99fast,
 author = {Platt, John C.},
 chapter = {Fast Training of Support Vector Machines Using Sequential Minimal Optimization},
 title = {Advances in Kernel Methods},
 editor = {Sch\"{o}lkopf, Bernhard and Burges, Christopher J. C. and Smola, Alexander J.},
 year = {1999},
 pages = {185--208},
 publisher = {MIT Press},
 address = {Cambridge, MA, USA},
} 

@TechReport {Platt98sequential,
author       = {John Platt},
institution  = {Microsoft Research},
month        = {April},
number       = {MSR-TR-98-14},
pages        = {21},
title        = {Sequential Minimal Optimization:  A Fast Algorithm for Training Support Vector
                Machines},
year         = {1998},
}


% libsvm
@article{Chang11libsvm,
 author = {Chang, Chih-Chung and Lin, Chih-Jen},
 title = {LIBSVM: A Library for Support Vector Machines},
 journal = {ACM Trans. Intell. Syst. Technol.},
 volume = {2},
 number = {3},
 month = may,
 year = {2011},
 pages = {27:1--27:27},
 publisher = {ACM},
 address = {New York, NY, USA},
} 

% svmlight
@TechReport{Joachims98making,
  author =	 {T. Joachims},
  title =	 {Making large-Scale SVM Learning Practical},
  institution =	 {Universit{\"a}t Dortmund, LS VIII-Report},
  year =	 {1998},
  number =	 {24},
  type =	 {LS8-Report}
}

% svm kernel book
@book{Scholkopf02learning,
    author = {Bernhard Schölkopf and Alexander J. Smola},
    publisher = {MIT Press},
    title = {Learning with Kernels - Support Vector Machines, Regularization, Optimization, and Beyond},
    year = {2002}
}

% svm solution trunking
@INPROCEEDINGS{Osuna97an, 
author={Osuna, E. and Freund, R. and Girosi, F.}, 
booktitle={Neural Networks for Signal Processing [1997] VII. Proceedings of the 1997 IEEE Workshop}, 
title={An improved training algorithm for support vector machines}, 
year={1997}, 
month={Sep}, 
pages={276-285}, 
}

% general smo convergence
@article{Keerthi02convergence,
 author = {Keerthi, S. S. and Gilbert, E. G.},
 title = {Convergence of a Generalized SMO Algorithm for SVM Classifier Design},
 journal = {Mach. Learn.},
 issue_date = {2002},
 volume = {46},
 number = {1-3},
 month = mar,
 year = {2002},
 pages = {351--360},
 publisher = {Kluwer Academic Publishers},
 address = {Hingham, MA, USA},
} 

% svm chunking
@book{Vapnik82estimation,
    author = {Vapnik, V},
    publisher = {Springer-Verlag},
    title = {Estimation of Dependences Based on Empirical Data},
    year = {1982}
}


% svm double chunking
@INPROCEEDINGS{Perezcruz04double,
    author = {O Pérez-cruz and Aníbal R. Figueiras-vidal and Antonio Artés-rodríguez},
    title = {Double chunking for solving SVMs for very large datasets},
    booktitle = {Learning’04, Elche, Spain (2004)},
    year = {2004}
}